@book{dummy,
  title = {Dummy},
  author = {{dummy}}
}
